@inproceedings{Unno21,
  author       = {Hiroshi Unno and
                  Tachio Terauchi and
                  Eric Koskinen},
  title        = {Constraint-Based Relational Verification},
  booktitle    = {{CAV} {(1)}},
  series       = {Lecture Notes in Computer Science},
  volume       = {12759},
  pages        = {742--766},
  publisher    = {Springer},
  year         = {2021}
}
